@misc{guo2022multiperson,
  title         = {Multi-Person Extreme Motion Prediction},
  author        = {Wen Guo and Xiaoyu Bie and Xavier Alameda-Pineda and Francesc Moreno-Noguer},
  year          = {2022},
  eprint        = {2105.08825},
  archiveprefix = {arXiv},
  primaryclass  = {cs.CV}
}